@misc{WikiArt,
  title = {WikiArt},
  howpublished = {\url{https://www.wikiart.org/}},
  note = {Accessed: 2016-03-23}
}

@article{karayev2013recognizing,
  title={Recognizing image style},
  author={Karayev, Sergey and Trentacoste, Matthew and Han, Helen and Agarwala, Aseem and Darrell, Trevor and Hertzmann, Aaron and Winnemoeller, Holger},
  journal={arXiv preprint arXiv:1311.3715},
  year={2013}
}

@inproceedings{krizhevsky2012imagenet,
  title={Imagenet classification with deep convolutional neural networks},
  author={Krizhevsky, Alex and Sutskever, Ilya and Hinton, Geoffrey E},
  booktitle={Advances in neural information processing systems},
  pages={1097--1105},
  year={2012}
}

@article{DBLP:journals/corr/DonahueJVHZTD13,
  author    = {Jeff Donahue and
               Yangqing Jia and
               Oriol Vinyals and
               Judy Hoffman and
               Ning Zhang and
               Eric Tzeng and
               Trevor Darrell},
  title     = {DeCAF: {A} Deep Convolutional Activation Feature for Generic Visual
               Recognition},
  journal   = {CoRR},
  volume    = {abs/1310.1531},
  year      = {2013},
  url       = {http://arxiv.org/abs/1310.1531},
  archivePrefix = {arXiv},
  eprint    = {1310.1531},
  timestamp = {Thu, 25 Jan 2018 15:04:28 +0100},
  biburl    = {https://dblp.org/rec/bib/journals/corr/DonahueJVHZTD13},
  bibsource = {dblp computer science bibliography, https://dblp.org}
}

@article{DBLP:journals/corr/KarayevHWAD13,
  author    = {Sergey Karayev and
               Aaron Hertzmann and
               Holger Winnemoeller and
               Aseem Agarwala and
               Trevor Darrell},
  title     = {Recognizing Image Style},
  journal   = {CoRR},
  volume    = {abs/1311.3715},
  year      = {2013},
  url       = {http://arxiv.org/abs/1311.3715},
  archivePrefix = {arXiv},
  eprint    = {1311.3715},
  timestamp = {Wed, 07 Jun 2017 14:42:34 +0200},
  biburl    = {https://dblp.org/rec/bib/journals/corr/KarayevHWAD13},
  bibsource = {dblp computer science bibliography, https://dblp.org}
}

